@incollection{NIPS2006_2979,
title = {Efficient sparse coding algorithms},
author = {Lee, Honglak and Alexis Battle and Rajat Raina and Andrew Y. Ng},
booktitle = {Advances in Neural Information Processing Systems 19},
editor = {B. Sch\"{o}lkopf and J. C. Platt and T. Hoffman},
pages = {801--808},
year = {2007},
publisher = {MIT Press},
url = {http://papers.nips.cc/paper/2979-efficient-sparse-coding-algorithms.pdf}
}
@inproceedings{Mairal:2009:ODL:1553374.1553463,
 author = {Mairal, Julien and Bach, Francis and Ponce, Jean and Sapiro, Guillermo},
 title = {Online Dictionary Learning for Sparse Coding},
 booktitle = {Proceedings of the 26th Annual International Conference on Machine Learning},
 series = {ICML '09},
 year = {2009},
 isbn = {978-1-60558-516-1},
 location = {Montreal, Quebec, Canada},
 pages = {689--696},
 numpages = {8},
 url = {http://doi.acm.org/10.1145/1553374.1553463},
 doi = {10.1145/1553374.1553463},
 acmid = {1553463},
 publisher = {ACM},
 address = {New York, NY, USA},
}
@inproceedings{Zheng:2016:ESD:2939672.2939824,
 author = {Zheng, Guoqing and Yang, Yiming and Carbonell, Jaime},
 title = {Efficient Shift-Invariant Dictionary Learning},
 booktitle = {Proceedings of the 22Nd ACM SIGKDD International Conference on Knowledge Discovery and Data Mining},
 series = {KDD '16},
 year = {2016},
 isbn = {978-1-4503-4232-2},
 location = {San Francisco, California, USA},
 pages = {2095--2104},
 numpages = {10},
 url = {http://doi.acm.org/10.1145/2939672.2939824},
 doi = {10.1145/2939672.2939824},
 acmid = {2939824},
 publisher = {ACM},
 address = {New York, NY, USA},
 keywords = {dictionary learning, sparse coding, time series},
}

@unknown{DL_speech_reco,
author = {S. V. S. Sivaram, Garimella and Krishna Nemala, Sridhar and Elhilali, Mounya and D. Tran, Trac and Hermansky, Hynek},
year = {2010},
month = {01},
pages = {4346-4349},
title = {Sparse coding for speech recognition},
booktitle = {Acoustics, Speech, and Signal Processing, 1988. ICASSP-88., 1988 International Conference on}
}


@INPROCEEDINGS{5494985,
author={P. Sprechmann and G. Sapiro},
booktitle={2010 IEEE International Conference on Acoustics, Speech and Signal Processing},
title={Dictionary learning and sparse coding for unsupervised clustering},
year={2010},
volume={},
number={},
pages={2042-2045},
keywords={image representation;image texture;learning (artificial intelligence);pattern clustering;clustering algorithm;dictionary learning;discrete points;k-means type;learned dictionaries;low dimensional subspaces;sparse coding;sparse modeling;sparse representation;standard datasets;supervised classification;texture images;unsupervised clustering;Atomic measurements;Clustering algorithms;Dictionaries;Image reconstruction;Measurement standards;Power measurement;Robustness;Signal processing algorithms;Speech;Testing;Clustering;dictionary learning;sparse representations;subspace modeling;texture segmentation},
doi={10.1109/ICASSP.2010.5494985},
ISSN={1520-6149},
month={March},}


@article{KSVD,
author = {Aharon, Michal and Elad, Michael and Bruckstein, Alfred},
year = {2006},
month = {12},
pages = {4311 - 4322},
title = {K-SVD: An Algorithm for Designing Overcomplete Dictionaries for Sparse Representation},
volume = {54},
booktitle = {Signal Processing, IEEE Transactions on}
}

@INPROCEEDINGS{6618901, 
author={H. Bristow and A. Eriksson and S. Lucey}, 
booktitle={2013 IEEE Conference on Computer Vision and Pattern Recognition}, 
title={Fast Convolutional Sparse Coding}, 
year={2013}, 
volume={}, 
number={}, 
pages={391-398}, 
keywords={convolutional codes;encoding;image classification;image reconstruction;learning (artificial intelligence);ALM;augmented Lagrange methods;canonical approach;classification tasks;convolution operator;fast algorithm;fast convolutional sparse coding;globally optimal sub problems;learning;natural signals;optimization problem;reconstruction tasks;signal processing;super-linear convergence;vision;Convergence;Convolution;Convolutional codes;Encoding;Equations;Signal processing algorithms;Vectors;ADMM;convolution;deep learning;fourier;sparse coding}, 
doi={10.1109/CVPR.2013.57}, 
ISSN={1063-6919}, 
month={June},}


@INPROCEEDINGS{5494985, 
author={P. Sprechmann and G. Sapiro}, 
booktitle={2010 IEEE International Conference on Acoustics, Speech and Signal Processing}, 
title={Dictionary learning and sparse coding for unsupervised clustering}, 
year={2010}, 
volume={}, 
number={}, 
pages={2042-2045}, 
keywords={image representation;image texture;learning (artificial intelligence);pattern clustering;clustering algorithm;dictionary learning;discrete points;k-means type;learned dictionaries;low dimensional subspaces;sparse coding;sparse modeling;sparse representation;standard datasets;supervised classification;texture images;unsupervised clustering;Atomic measurements;Clustering algorithms;Dictionaries;Image reconstruction;Measurement standards;Power measurement;Robustness;Signal processing algorithms;Speech;Testing;Clustering;dictionary learning;sparse representations;subspace modeling;texture segmentation}, 
doi={10.1109/ICASSP.2010.5494985}, 
ISSN={1520-6149}, 
month={March},}

@ARTICLE{8294264, 
author={Z. You and R. Raich and X. Z. Fern and J. Kim}, 
journal={IEEE Transactions on Signal Processing}, 
title={Weakly Supervised Dictionary Learning}, 
year={2018}, 
volume={66}, 
number={10}, 
pages={2527-2541}, 
keywords={Analytical models;Convolution;Dictionaries;Graphical models;Machine learning;Probabilistic logic;Task analysis;Weakly-supervision learning;chain inference;convolutive analysis dictionary;tree inference}, 
doi={10.1109/TSP.2018.2807422}, 
ISSN={1053-587X}, 
month={May},}

@techreport{mairal:inria-00322431,
  TITLE = {{Supervised Dictionary Learning}},
  AUTHOR = {Mairal, Julien and Bach, Francis and Ponce, Jean and Sapiro, Guillermo and Zisserman, Andrew},
  URL = {https://hal.inria.fr/inria-00322431},
  TYPE = {Research Report},
  NUMBER = {RR-6652},
  PAGES = {15},
  INSTITUTION = {{INRIA}},
  YEAR = {2008},
  KEYWORDS = {sparsity ; dictionary learning ; classification},
  PDF = {https://hal.inria.fr/inria-00322431/file/RR-6652.pdf},
}


@ARTICLE{6516503, 
author={Z. Jiang and Z. Lin and L. S. Davis}, 
journal={IEEE Transactions on Pattern Analysis and Machine Intelligence}, 
title={Label Consistent K-SVD: Learning a Discriminative Dictionary for Recognition}, 
year={2013}, 
volume={35}, 
number={11}, 
pages={2651-2664}, 
keywords={face recognition;image classification;image coding;learning (artificial intelligence);object recognition;singular value decomposition;action category recognition;discriminative dictionary learning;discriminative sparse-code error constraint;face category recognition;incremental dictionary learning algorithm;k-means clustering;label consistency constraint;label consistent K-SVD algorithm;label information association;linear classifier;object category recognition;scene category recognition;singular value decomposition;sparse coding;Algorithm design and analysis;Classification algorithms;Dictionaries;Image reconstruction;Linear programming;Testing;Training;Discriminative dictionary learning;discriminative sparse-code error;incremental dictionary learning;label consistent K-SVD;supervised learning;Algorithms;Biometry;Discriminant Analysis;Face;Humans;Image Interpretation, Computer-Assisted;Pattern Recognition, Automated;Support Vector Machines}, 
doi={10.1109/TPAMI.2013.88}, 
ISSN={0162-8828}, 
month={Nov},}


@InProceedings {wohlberg-2017-sporco,
  author =   {Brendt Wohlberg},
  title =  {{SPORCO}: {A} {P}ython package for standard and
                  convolutional sparse representations},
  year =   2017,
  month =  Jul,
  booktitle =  {Proceedings of the 15th Python in Science
                  Conference},
  editors =  {Katy Huff and David Lippa and Dillon Niederhut and
                  M. Pacer},
  address =  {Austin, TX, USA},
  pages =  {1--8},
  doi =    {10.25080/shinma-7f4c6e7-001}
}

@Misc {wohlberg-2016-sporco,
  author =   {Brendt Wohlberg},
  title =  {{SP}arse {O}ptimization {R}esearch {CO}de
                  ({SPORCO})},
  howpublished = {Software library available from
                  http://purl.org/brendt/software/sporco},
  year =   2016
}

@ARTICLE{8398588,
author={V. Papyan and Y. Romano and J. Sulam and M. Elad},
journal={IEEE Signal Processing Magazine},
title={Theoretical Foundations of Deep Learning via Sparse Representations: A Multilayer Sparse Model and Its Connection to Convolutional Neural Networks},
year={2018},
volume={35},
number={4},
pages={72-89},
keywords={Big Data;Convolution;Data models;Data science;Image coding;Machine learning;Mathematical model;Sparse matrices;Task analysis},
doi={10.1109/MSP.2018.2820224},
ISSN={1053-5888},
month={July},}

@ARTICLE{258082,
author={S. G. Mallat and Zhifeng Zhang},
journal={IEEE Transactions on Signal Processing},
title={Matching pursuits with time-frequency dictionaries},
year={1993},
volume={41},
number={12},
pages={3397-3415},
keywords={signal processing;time-frequency analysis;wavelet transforms;Gabor functions;adaptive signal representations;adaptive time-frequency transform;linear waveform expansion;matching pursuit algorithm;matching pursuit decomposition;noisy signals;optimized wavepacket orthonormal basis;pattern extraction;signal energy distribution;signal expansion;signal structures;time-frequency dictionaries;time-frequency plane;Dictionaries;Fourier transforms;Interference;Matching pursuit algorithms;Natural languages;Pursuit algorithms;Signal processing algorithms;Signal representations;Time frequency analysis;Vocabulary},
doi={10.1109/78.258082},
ISSN={1053-587X},
month={Dec},}

@article{305222,
 author = {Chen, Scott Shaobing and Donoho, David L. and Saunders, Michael A.},
 title = {Atomic Decomposition by Basis Pursuit},
 journal = {SIAM J. Sci. Comput.},
 issue_date = {Aug. 1998},
 volume = {20},
 number = {1},
 month = dec,
 year = {1998},
 issn = {1064-8275},
 pages = {33--61},
 numpages = {29},
 url = {http://dx.doi.org/10.1137/S1064827596304010},
 doi = {10.1137/S1064827596304010},
 acmid = {305222},
 publisher = {Society for Industrial and Applied Mathematics},
 address = {Philadelphia, PA, USA},
 keywords = {\$\ell^1\$ norm optimization, cosine packets, denoising, interior-point methods for linear programming, matching pursuit, multiscale edges, overcomplete signal representation, time-frequency analysis, time-scale analysis, total variation denoising, wavelet packets, wavelets},
}

@ARTICLE{Olshausen97sparsecoding,
    author = {Bruno A. Olshausen and David J. Fieldt},
    title = {Sparse coding with an overcomplete basis set: a strategy employed by V1},
    journal = {Vision Research},
    year = {1997},
    volume = {37},
    pages = {3311--3325}
}

@ARTICLE{1710377,
author={M. Aharon and M. Elad and A. Bruckstein},
journal={IEEE Transactions on Signal Processing},
title={ lt;tex gt;$rm K$ lt;/tex gt;-SVD: An Algorithm for Designing Overcomplete Dictionaries for Sparse Representation},
year={2006},
volume={54},
number={11},
pages={4311-4322},
keywords={image coding;image representation;iterative methods;singular value decomposition;transforms;signals sparse representation;linear transforms;sparsity constraints;K-SVD;K-means clustering process;iterative method;sparse coding;overcomplete dictionary;image data;Algorithm design and analysis;Dictionaries;Matching pursuit algorithms;Pursuit algorithms;Clustering algorithms;Iterative algorithms;Prototypes;Inverse problems;Feature extraction;Signal design;Atom decomposition;basis pursuit;codebook;dictionary;FOCUSS;gain-shape VQ;;matching pursuit;sparse representation;training;vector quantization},
doi={10.1109/TSP.2006.881199},
ISSN={1053-587X},
month={Nov},}

@article{DBLP:journals/corr/MakhzaniF13,
  author    = {Alireza Makhzani and
               Brendan J. Frey},
  title     = {k-Sparse Autoencoders},
  journal   = {CoRR},
  volume    = {abs/1312.5663},
  year      = {2013},
  url       = {http://arxiv.org/abs/1312.5663},
  archivePrefix = {arXiv},
  eprint    = {1312.5663},
  timestamp = {Wed, 07 Jun 2017 14:42:09 +0200},
  biburl    = {https://dblp.org/rec/bib/journals/corr/MakhzaniF13},
  bibsource = {dblp computer science bibliography, https://dblp.org}
}


@INPROCEEDINGS{5539964, 
author={I. Ramirez and P. Sprechmann and G. Sapiro}, 
booktitle={2010 IEEE Computer Society Conference on Computer Vision and Pattern Recognition}, 
title={Classification and clustering via dictionary learning with structured incoherence and shared features}, 
year={2010}, 
volume={}, 
number={}, 
pages={3501-3508}, 
keywords={learning (artificial intelligence);pattern classification;pattern clustering;dictionary learning;structured incoherence;shared features;clustering framework;sparse modeling;discrete points;sparse coding;learned dictionary;sparse representation;ℓ1regularization term;unsupervised classification;spectral clustering;low dimensional eigen-decomposition problem;Dictionaries;Atomic measurements;Robustness;Clustering algorithms;Signal processing algorithms;Image reconstruction;Speech;Linear approximation;Art;Image restoration}, 
doi={10.1109/CVPR.2010.5539964}, 
ISSN={1063-6919}, 
month={June},}

@article{DBLP:journals/corr/abs-1708-08705,
  author    = {Jeremias Sulam and
               Vardan Papyan and
               Yaniv Romano and
               Michael Elad},
  title     = {Multi-Layer Convolutional Sparse Modeling: Pursuit and Dictionary
               Learning},
  journal   = {CoRR},
  volume    = {abs/1708.08705},
  year      = {2017},
  url       = {http://arxiv.org/abs/1708.08705},
  archivePrefix = {arXiv},
  eprint    = {1708.08705},
  timestamp = {Mon, 13 Aug 2018 16:46:15 +0200},
  biburl    = {https://dblp.org/rec/bib/journals/corr/abs-1708-08705},
  bibsource = {dblp computer science bibliography, https://dblp.org}
}

@ARTICLE{8398588, 
author={V. Papyan and Y. Romano and J. Sulam and M. Elad}, 
journal={IEEE Signal Processing Magazine}, 
title={Theoretical Foundations of Deep Learning via Sparse Representations: A Multilayer Sparse Model and Its Connection to Convolutional Neural Networks}, 
year={2018}, 
volume={35}, 
number={4}, 
pages={72-89}, 
keywords={feedforward neural nets;image representation;learning (artificial intelligence);deep learning;multilayer sparse model;convolutional neural networks;modeling data;image processing;machine learning;sparse representation theory;universal model;signal processing;data description;Data models;Machine learning;Mathematical model;Task analysis;Image coding;Convolution;Sparse matrices;Data science;Big Data}, 
doi={10.1109/MSP.2018.2820224}, 
ISSN={1053-5888}, 
month={July},}


@inproceedings{best-practices-for-convolutional-neural-networks-applied-to-visual-document-analysis,
author = {Simard, Patrice Y. and Steinkraus, Dave and Platt, John},
title = {Best Practices for Convolutional Neural Networks Applied to Visual Document Analysis},
booktitle = {},
year = {2003},
month = {August},
abstract = {

Neural networks are a powerful technology for classification of visual inputs arising from documents. However, there is a confusing plethora of different neural network methods that are used in the literature and in industry. This paper describes a set of concrete best practices that document analysis researchers can use to get good results with neural networks. The most important practice is getting a training set as large as possible: we expand the training set by adding a new form of distorted data. The next most important practice is that convolutional neural networks are better suited for visual document tasks than fully connected networks. We propose that a simple “do-it-yourself” implementation of convolution with a flexible architecture is suitable for many visual document problems. This simple convolutional neural network does not require complex methods, such as momentum, weight decay, structure dependent learning rates, averaging layers, tangent prop, or even finely-tuning the architecture. The end result is a very simple yet general architecture which can yield state-of-the-art performance for document analysis. We illustrate our claims on the MNIST set of English digit images.


},
publisher = {Institute of Electrical and Electronics Engineers, Inc.},
url = {https://www.microsoft.com/en-us/research/publication/best-practices-for-convolutional-neural-networks-applied-to-visual-document-analysis/},
address = {},
pages = {},
journal = {},
volume = {},
chapter = {},
isbn = {},
}

@incollection{Rumelhart:1986:LIR:104279.104293,
 author = {Rumelhart, D. E. and Hinton, G. E. and Williams, R. J.},
 chapter = {Learning Internal Representations by Error Propagation},
 title = {Parallel Distributed Processing: Explorations in the Microstructure of Cognition, Vol. 1},
 editor = {Rumelhart, David E. and McClelland, James L. and PDP Research Group, CORPORATE},
 year = {1986},
 isbn = {0-262-68053-X},
 pages = {318--362},
 numpages = {45},
 url = {http://dl.acm.org/citation.cfm?id=104279.104293},
 acmid = {104293},
 publisher = {MIT Press},
 address = {Cambridge, MA, USA},
} 
